<?xml version="1.0" encoding="UTF-8"?><record xmlns="http://www.loc.gov/MARC21/slim" xmlns:cinclude="http://apache.org/cocoon/include/1.0" xmlns:zs="http://www.loc.gov/zing/srw/">
  <leader>00386nz  a2200133n  4500</leader>
  <controlfield tag="001">no2010185512</controlfield>
  <controlfield tag="003">DLC</controlfield>
  <controlfield tag="005">20101118073237.0</controlfield>
  <controlfield tag="008">101115n| acannaabn          |n aaa     c</controlfield>
  <datafield tag="010" ind1=" " ind2=" ">
    <subfield code="a">no2010185512</subfield>
  </datafield>
  <datafield tag="035" ind1=" " ind2=" ">
    <subfield code="a">(OCoLC)oca08685283</subfield>
  </datafield>
  <datafield tag="040" ind1=" " ind2=" ">
    <subfield code="a">RPB</subfield>
    <subfield code="b">eng</subfield>
    <subfield code="c">RPB</subfield>
  </datafield>
  <datafield tag="100" ind1="1" ind2=" ">
    <subfield code="a">Ablow, Roz Karol</subfield>
  </datafield>
  <datafield tag="670" ind1=" " ind2=" ">
    <subfield code="a">Together, 2007:</subfield>
    <subfield code="b">t.p. (Roz Karol Ablow) p.20 (painter and printer of contemporary monotypes).</subfield>
  </datafield>
</record>